<?xml version="1.0" encoding="UTF-8"?><collection xmlns="http://www.loc.gov/MARC21/slim"><record><leader>00370nam--2200133-i-4500</leader><controlfield tag="001">000015835</controlfield><controlfield tag="002">20161230</controlfield><controlfield tag="005">20170127222950</controlfield><controlfield tag="008">060222s1000------------r-----000-0-eng-d</controlfield><datafield ind1=" " ind2=" " tag="080"><subfield code="a">061.6:539.L</subfield></datafield><datafield ind1=" " ind2=" " tag="245"><subfield code="a">Atomic and molecular physics. Fysik II. Research report 1985/86</subfield></datafield><datafield ind1=" " ind2=" " tag="260"><subfield code="a">Uppsala</subfield><subfield code="b">University Of Uppsala</subfield><subfield code="c">1980</subfield></datafield><datafield ind1=" " ind2=" " tag="852"><subfield code="a">48999</subfield></datafield><datafield ind1=" " ind2=" " tag="CAT"><subfield code="a">SYS</subfield><subfield code="c">20170127</subfield><subfield code="h">222950</subfield></datafield></record></collection>